<record><leader>00000cas a2200000 a 4500</leader><controlfield tag="001">38274997</controlfield><controlfield tag="008">980127c19939999cauwr ne      0    0eng c</controlfield><datafield ind1=" " ind2=" " tag="010"><subfield code="a">sn 97069307 </subfield></datafield><datafield ind1=" " ind2=" " tag="040"><subfield code="a">CNK</subfield><subfield code="b">eng</subfield><subfield code="c">CNK</subfield><subfield code="d">OCLCQ</subfield><subfield code="d">CNK</subfield><subfield code="d">OCLCQ</subfield><subfield code="d">OCLCF</subfield><subfield code="d">OCLCO</subfield></datafield><datafield ind1="1" ind2=" " tag="029"><subfield code="a">AU@</subfield><subfield code="b">000013708285</subfield></datafield><datafield ind1=" " ind2=" " tag="042"><subfield code="a">pcc</subfield></datafield><datafield ind1=" " ind2=" " tag="043"><subfield code="a">n-us-ca</subfield></datafield><datafield ind1="0" ind2="0" tag="245"><subfield code="a">Glendora press highlander.</subfield></datafield><datafield ind1="1" ind2="3" tag="246"><subfield code="a">Glendora press</subfield><subfield code="f">Mar. 10-11, 1993-Jan. 4, 1996</subfield></datafield><datafield ind1="1" ind2="3" tag="246"><subfield code="a">Glendora highlander</subfield><subfield code="f">Jan. 11, 1996-</subfield></datafield><datafield ind1=" " ind2=" " tag="260"><subfield code="a">City of Industry, Calif. :</subfield><subfield code="b">J. Scott Schmidt</subfield></datafield><datafield ind1=" " ind2=" " tag="300"><subfield code="a">v.</subfield></datafield><datafield ind1=" " ind2=" " tag="310"><subfield code="a">Weekly</subfield></datafield><datafield ind1="0" ind2=" " tag="362"><subfield code="a">Vol. 103, no. 33 (Mar. 10-11, 1993)-</subfield></datafield><datafield ind1=" " ind2=" " tag="500"><subfield code="a">"Highlander" appears in small print below "Glendora Press."</subfield></datafield><datafield ind1=" " ind2=" " tag="500"><subfield code="a">Publication moved to West Covina, Calif., May 26, 1994.</subfield></datafield><datafield ind1=" " ind2=" " tag="530"><subfield code="a">Master negatives are available for duplication from:</subfield><subfield code="b">California Newspaper Microfilm Archive;</subfield><subfield code="c">positive copies may be purchased by the reel; for further information consult the CNMA at:</subfield><subfield code="u">http://cbsr.ucr.edu</subfield></datafield><datafield ind1=" " ind2="0" tag="651"><subfield code="a">Glendora (Calif.)</subfield><subfield code="v">Newspapers.</subfield></datafield><datafield ind1=" " ind2="0" tag="651"><subfield code="a">San Gabriel River Valley (Calif.)</subfield><subfield code="v">Newspapers.</subfield></datafield><datafield ind1=" " ind2="7" tag="655"><subfield code="a">Newspapers.</subfield><subfield code="2">fast</subfield><subfield code="0">(OCoLC)fst01423814</subfield></datafield><datafield ind1=" " ind2="7" tag="651"><subfield code="a">California</subfield><subfield code="z">Glendora.</subfield><subfield code="2">fast</subfield><subfield code="0">(OCoLC)fst01217484</subfield></datafield><datafield ind1=" " ind2="7" tag="651"><subfield code="a">California</subfield><subfield code="z">San Gabriel River Valley.</subfield><subfield code="2">fast</subfield><subfield code="0">(OCoLC)fst01275269</subfield></datafield><datafield ind1=" " ind2=" " tag="752"><subfield code="a">United States</subfield><subfield code="b">California</subfield><subfield code="c">Los Angeles</subfield><subfield code="d">West Covina.</subfield></datafield><datafield ind1=" " ind2=" " tag="752"><subfield code="a">United States</subfield><subfield code="b">California</subfield><subfield code="c">Los Angeles</subfield><subfield code="d">City of Industry.</subfield></datafield><datafield ind1="0" ind2="0" tag="780"><subfield code="t">Glendora press (Glendora, Calif. : 1948)</subfield><subfield code="w">(DLC)sn 97060479</subfield></datafield></record>